@online{WebStorm,
title={WebStorm Home Page},
howpublished={\url{http://www.jetbrains.com/webstorm/}}
}

@online{Node,
title= {Node.js Home Page},
howpublished={\url{http://nodejs.org/}}
}

@online{Express,
title={Express Home Page},
howpublished={\url{http://expressjs.com/}}
}

@online{CoffeeScript,
title = {CoffeeScript Documentation},
howpublished = {\url{http://coffeescript.org/}}
}

@online{Git,
title={Git Home Page},
howpublished={\url{http://git-scm.com/}}
}

@online{Hogan,
title={Hogan.js Home Page},
howpublished={\url{http://twitter.github.io/hogan.js/}}
}

@online{MongoDB,
title={MongoDB Home Page},
howpublished={\url{https://www.mongodb.org/}}
}

@online(Mongoose,
title={Mongoose Home Page},
howpublished={\url{http://mongoosejs.com/}}
}

@online{jQuery,
title={jQuery Home Page},
howpublished={\url{http://jquery.com/}}
}

@online{Backbone,
title={Backbone.js Documentation},
howpublished={\url{http://backbonejs.org/}}
}

@online{Bootstrap,
title={Bootstrap Home Page},
howpublished={\url{http://getbootstrap.com/}}
}

@online{GitHub,
title={GitHub  Home Page},
howpublished={\url{http://github.com}
}

@online{Strider,
title={Strider Home Page},
howpublished={\url{http://stridercd.com/}}
}

@online{Mocha,
title={Mocha Home Page},
howpublished={\url{http://visionmedia.github.io/mocha/}}
}

@online{Blanket,
title={Blanket Plugin for Strider},
howpublished={\url{https://github.com/Strider-CD/strider-blanket}
}

@online{Istanbul,
title={Istanbul Home Page},
howpublished={\url{https://github.com/gotwarlost/istanbul}
}